/home/jhcf/texmf/bibtex/bib/SisInfoSaude.bib

ORGANIZAR A BIBLIOGRAFIA POSTERIORMENTE

--links uteis
-https://homepages.dcc.ufmg.br/~fabricio/download/webmedia-short-course.pdf
 Fonte sobre an√°lise de sentimentos;